%% This BibTeX bibliography file was created using BibDesk.
%% http://bibdesk.sourceforge.net/


%% Created for Ming Yang at 2014-08-08 10:36:32 -0500 


%% Saved with string encoding Unicode (UTF-8) 



@article{rikhtehgaran2013semi,
	Author = {Rikhtehgaran, Reyhaneh and Kazemi, Iraj},
	Date-Added = {2014-08-08 15:36:30 +0000},
	Date-Modified = {2014-08-08 15:36:30 +0000},
	Journal = {Computational Statistics},
	Number = {5},
	Pages = {2007--2027},
	Publisher = {Springer},
	Title = {Semi-parametric Bayesian estimation of mixed-effects models using the multivariate skew-normal distribution},
	Volume = {28},
	Year = {2013}}

@book{searle2009variance,
	Author = {Searle, Shayle R and Casella, George and McCulloch, Charles E},
	Date-Added = {2014-08-08 14:53:32 +0000},
	Date-Modified = {2014-08-08 14:53:32 +0000},
	Publisher = {John Wiley \& Sons},
	Title = {Variance components},
	Volume = {391},
	Year = {2009}}

@book{mcculloch2001generalized,
	Author = {McCulloch, Charles E and Neuhaus, John M},
	Date-Added = {2014-08-08 14:03:57 +0000},
	Date-Modified = {2014-08-08 14:03:57 +0000},
	Publisher = {Wiley Online Library},
	Title = {Generalized linear mixed models},
	Year = {2001}}

@article{zhang2008efficient,
	Author = {Zhang, Peng and Song, Peter X-K and Qu, Annie and Greene, Tom},
	Date-Added = {2014-08-04 16:17:54 +0000},
	Date-Modified = {2014-08-04 16:17:54 +0000},
	Journal = {Biometrics},
	Number = {1},
	Pages = {29--38},
	Publisher = {Wiley Online Library},
	Title = {Efficient Estimation for Patient-Specific Rates of Disease Progression Using Nonnormal Linear Mixed Models},
	Volume = {64},
	Year = {2008}}

@article{ghidey2008comparison,
	Author = {Ghidey, Wendimagegn and Lesaffre, Emmanuel and Verbeke, Geert},
	Date-Added = {2014-08-04 16:14:48 +0000},
	Date-Modified = {2014-08-04 16:14:48 +0000},
	Journal = {Statistical methods in medical research},
	Publisher = {SAGE Publications},
	Title = {A comparison of methods for estimating the random effects distribution of a linear mixedmodel},
	Year = {2008}}

@article{zhang2001linear,
	Author = {Zhang, Daowen and Davidian, Marie},
	Date-Added = {2014-08-04 16:13:05 +0000},
	Date-Modified = {2014-08-04 16:13:05 +0000},
	Journal = {Biometrics},
	Number = {3},
	Pages = {795--802},
	Publisher = {Wiley Online Library},
	Title = {Linear mixed models with flexible distributions of random effects for longitudinal data},
	Volume = {57},
	Year = {2001}}

@article{mcculloch2011misspecifying,
	Author = {McCulloch, Charles E and Neuhaus, John M and others},
	Date-Added = {2014-08-04 16:12:56 +0000},
	Date-Modified = {2014-08-04 16:12:56 +0000},
	Journal = {Statistical Science},
	Number = {3},
	Pages = {388--402},
	Publisher = {Institute of Mathematical Statistics},
	Title = {Misspecifying the shape of a random effects distribution: why getting it wrong may not matter},
	Volume = {26},
	Year = {2011}}

@book{kotz2001laplace,
	Author = {Kotz, Samuel and Kozubowski, Tomasz and Podgorski, Krzysztof},
	Date-Added = {2014-08-01 03:32:54 +0000},
	Date-Modified = {2014-08-01 03:32:54 +0000},
	Number = {183},
	Publisher = {Springer},
	Title = {The Laplace Distribution and Generalizations: A Revisit With Applications to Communications, Exonomics, Engineering, and Finance},
	Year = {2001}}

@article{koenker1999goodness,
	Author = {Koenker, Roger and Machado, Jose AF},
	Date-Added = {2014-07-31 20:35:25 +0000},
	Date-Modified = {2014-07-31 20:35:25 +0000},
	Journal = {Journal of the american statistical association},
	Number = {448},
	Pages = {1296--1310},
	Publisher = {Taylor \& Francis Group},
	Title = {Goodness of fit and related inference processes for quantile regression},
	Volume = {94},
	Year = {1999}}

@article{muliere1998approximating,
	Author = {Muliere, Pietro and Tardella, Luca},
	Date-Added = {2014-07-31 02:48:20 +0000},
	Date-Modified = {2014-07-31 02:48:20 +0000},
	Journal = {Canadian Journal of Statistics},
	Number = {2},
	Pages = {283--297},
	Publisher = {Wiley Online Library},
	Title = {Approximating distributions of random functionals of Ferguson-Dirichlet priors},
	Volume = {26},
	Year = {1998}}

@inproceedings{ishwaran2000inference,
	Author = {Ishwaran, Hemant},
	Date-Added = {2014-07-31 02:34:00 +0000},
	Date-Modified = {2014-07-31 02:34:00 +0000},
	Title = {Inference for the random effects in Bayesian generalized linear mixed models}}

@article{escobar1995bayesian,
	Author = {Escobar, Michael D and West, Mike},
	Date-Added = {2014-07-30 21:26:25 +0000},
	Date-Modified = {2014-07-30 21:26:25 +0000},
	Journal = {Journal of the american statistical association},
	Number = {430},
	Pages = {577--588},
	Publisher = {Taylor \& Francis},
	Title = {Bayesian density estimation and inference using mixtures},
	Volume = {90},
	Year = {1995}}

@article{blackwell1973ferguson,
	Author = {Blackwell, David and MacQueen, James B},
	Date-Added = {2014-07-30 19:14:13 +0000},
	Date-Modified = {2014-07-30 19:14:13 +0000},
	Journal = {The annals of statistics},
	Pages = {353--355},
	Publisher = {JSTOR},
	Title = {Ferguson distributions via P{\'o}lya urn schemes},
	Year = {1973}}

@article{ferguson1973bayesian,
	Author = {Ferguson, Thomas S},
	Date-Added = {2014-07-30 18:00:43 +0000},
	Date-Modified = {2014-07-30 18:00:43 +0000},
	Journal = {The annals of statistics},
	Pages = {209--230},
	Publisher = {JSTOR},
	Title = {A Bayesian analysis of some nonparametric problems},
	Year = {1973}}

@article{gelfand2002computational,
	Author = {Gelfand, Alan E and Kottas, Athanasios},
	Date-Added = {2014-07-30 16:45:51 +0000},
	Date-Modified = {2014-07-30 16:45:51 +0000},
	Journal = {Journal of Computational and Graphical Statistics},
	Number = {2},
	Pages = {289--305},
	Publisher = {Taylor \& Francis},
	Title = {A computational approach for full nonparametric Bayesian inference under Dirichlet process mixture models},
	Volume = {11},
	Year = {2002}}

@techreport{sethuraman1991constructive,
	Author = {Sethuraman, Jayaram},
	Date-Added = {2014-07-30 16:45:51 +0000},
	Date-Modified = {2014-07-30 16:45:51 +0000},
	Institution = {DTIC Document},
	Title = {A constructive definition of Dirichlet priors},
	Year = {1991}}

@article{tang2012semiparametric,
	Author = {Tang, Nian-Sheng and Duan, Xing-De},
	Date-Added = {2014-07-30 16:45:51 +0000},
	Date-Modified = {2014-07-30 16:45:51 +0000},
	Journal = {Computational Statistics \& Data Analysis},
	Number = {12},
	Pages = {4348--4365},
	Publisher = {Elsevier},
	Title = {A semiparametric Bayesian approach to generalized partial linear mixed models for longitudinal data},
	Volume = {56},
	Year = {2012}}

@article{kottas2001bayesian,
	Author = {Kottas, Athanasios and Gelfand, Alan E},
	Date-Added = {2014-07-30 16:45:51 +0000},
	Date-Modified = {2014-07-30 16:45:51 +0000},
	Journal = {Journal of the American Statistical Association},
	Number = {456},
	Pages = {1458--1468},
	Publisher = {Taylor \& Francis},
	Title = {Bayesian semiparametric median regression modeling},
	Volume = {96},
	Year = {2001}}

@techreport{newton1994computing,
	Author = {Newton, Michael A},
	Date-Added = {2014-07-30 16:45:51 +0000},
	Date-Modified = {2014-07-30 16:45:51 +0000},
	Institution = {Citeseer},
	Title = {Computing with priors that support identifiable semiparametric models},
	Year = {1994}}

@incollection{teh2010dirichlet,
	Author = {Teh, Yee Whye},
	Booktitle = {Encyclopedia of machine learning},
	Date-Added = {2014-07-30 16:45:51 +0000},
	Date-Modified = {2014-07-30 16:45:51 +0000},
	Pages = {280--287},
	Publisher = {Springer},
	Title = {Dirichlet process},
	Year = {2010}}

@article{jara2011dppackage,
	Author = {Jara, Alejandro and Hanson, Timothy E and Quintana, Fernando A and M{\"u}ller, Peter and Rosner, Gary L},
	Date-Added = {2014-07-30 16:45:51 +0000},
	Date-Modified = {2014-07-30 16:45:51 +0000},
	Journal = {Journal of statistical software},
	Number = {5},
	Pages = {1},
	Publisher = {NIH Public Access},
	Title = {DPpackage: Bayesian semi-and nonparametric modeling in R},
	Volume = {40},
	Year = {2011}}

@article{neal2000markov,
	Author = {Neal, Radford M},
	Date-Added = {2014-07-30 16:45:51 +0000},
	Date-Modified = {2014-07-30 16:45:51 +0000},
	Journal = {Journal of computational and graphical statistics},
	Number = {2},
	Pages = {249--265},
	Publisher = {Taylor \& Francis Group},
	Title = {Markov chain sampling methods for Dirichlet process mixture models},
	Volume = {9},
	Year = {2000}}

@article{yang2010semiparametric,
	Author = {Yang, Mingan and Dunson, David B and Baird, Donna},
	Date-Added = {2014-07-30 16:45:51 +0000},
	Date-Modified = {2014-07-30 16:45:51 +0000},
	Journal = {Computational statistics \& data analysis},
	Number = {9},
	Pages = {2172--2186},
	Publisher = {Elsevier},
	Title = {Semiparametric Bayes hierarchical models with mean and variance constraints},
	Volume = {54},
	Year = {2010}}

@article{tang2014semiparametric,
	Author = {Tang, Nian-Sheng and Tang, An-Min and Pan, Dong-Dong},
	Date-Added = {2014-07-30 16:45:51 +0000},
	Date-Modified = {2014-07-30 16:45:51 +0000},
	Journal = {Computational Statistics \& Data Analysis},
	Publisher = {Elsevier},
	Title = {Semiparametric Bayesian joint models of multivariate longitudinal and survival data},
	Year = {2014}}

@inproceedings{teh2004sharing,
	Author = {Teh, Yee Whye and Jordan, Michael I and Beal, Matthew J and Blei, David M},
	Booktitle = {NIPS},
	Date-Added = {2014-07-30 16:45:51 +0000},
	Date-Modified = {2014-07-30 16:45:51 +0000},
	Title = {Sharing Clusters among Related Groups: Hierarchical Dirichlet Processes.},
	Year = {2004}}

@article{mehrotra1997non,
	Author = {Mehrotra, Devan V},
	Date-Added = {2014-07-28 16:04:45 +0000},
	Date-Modified = {2014-08-01 03:11:16 +0000},
	Journal = {Statistics in medicine},
	Number = {13},
	Pages = {1465--1479},
	Publisher = {Wiley Online Library},
	Title = {NON-ITERATIVE ROBUST ESTIMATORS OF VARIANCE COMPONENTS IN WITHIN-SUBJECT DESIGNS},
	Volume = {16},
	Year = {1997}}

@article{muller1997bayesian,
	Author = {M{\"u}ller, Peter and Rosner, Gary L},
	Date-Added = {2014-07-28 15:15:05 +0000},
	Date-Modified = {2014-07-28 15:15:05 +0000},
	Journal = {Journal of the American Statistical Association},
	Number = {440},
	Pages = {1279--1292},
	Publisher = {Taylor \& Francis Group},
	Title = {A Bayesian population model with hierarchical mixture priors applied to blood count data},
	Volume = {92},
	Year = {1997}}

@article{burr2005bayesian,
	Author = {Burr, Deborah and Doss, Hani},
	Date-Added = {2014-07-28 15:15:05 +0000},
	Date-Modified = {2014-07-28 15:15:05 +0000},
	Journal = {Journal of the American Statistical Association},
	Number = {469},
	Title = {A Bayesian semiparametric model for random-effects meta-analysis},
	Volume = {100},
	Year = {2005}}

@article{rizopoulos2011bayesian,
	Author = {Rizopoulos, Dimitris and Ghosh, Pulak},
	Date-Added = {2014-07-28 15:15:05 +0000},
	Date-Modified = {2014-07-28 15:15:05 +0000},
	Journal = {Statistics in medicine},
	Number = {12},
	Pages = {1366--1380},
	Publisher = {Wiley Online Library},
	Title = {A Bayesian semiparametric multivariate joint model for multiple longitudinal outcomes and a time-to-event},
	Volume = {30},
	Year = {2011}}

@article{verbeke1996linear,
	Author = {Verbeke, Geert and Lesaffre, Emmanuel},
	Date-Added = {2014-07-28 15:15:05 +0000},
	Date-Modified = {2014-07-28 15:15:05 +0000},
	Journal = {Journal of the American Statistical Association},
	Number = {433},
	Pages = {217--221},
	Publisher = {Taylor \& Francis Group},
	Title = {A linear mixed-effects model with heterogeneity in the random-effects population},
	Volume = {91},
	Year = {1996}}

@article{mallet1986maximum,
	Author = {Mallet, A},
	Date-Added = {2014-07-28 15:15:05 +0000},
	Date-Modified = {2014-07-28 15:15:05 +0000},
	Journal = {Biometrika},
	Number = {3},
	Pages = {645--656},
	Publisher = {Biometrika Trust},
	Title = {A maximum likelihood estimation method for random coefficient regression models},
	Volume = {73},
	Year = {1986}}

@article{fattinger1995new,
	Author = {Fattinger, Karin E and Sheiner, Lewis B and Verotta, Davide},
	Date-Added = {2014-07-28 15:15:05 +0000},
	Date-Modified = {2014-07-28 15:15:05 +0000},
	Journal = {Biometrics},
	Pages = {1236--1251},
	Publisher = {JSTOR},
	Title = {A new method to explore the distribution of interindividual random effects in non-linear mixed effects models},
	Year = {1995}}

@article{kleinman1998semiparametric,
	Author = {Kleinman, Ken P and Ibrahim, Joseph G},
	Date-Added = {2014-07-28 15:15:05 +0000},
	Date-Modified = {2014-07-28 15:15:05 +0000},
	Journal = {Biometrics},
	Pages = {921--938},
	Publisher = {JSTOR},
	Title = {A semiparametric Bayesian approach to the random effects model},
	Year = {1998}}

@article{bush1996semiparametric,
	Author = {Bush, Christopher A and MacEachern, Steven N},
	Date-Added = {2014-07-28 15:15:05 +0000},
	Date-Modified = {2014-07-28 15:15:05 +0000},
	Journal = {Biometrika},
	Number = {2},
	Pages = {275--285},
	Publisher = {Biometrika Trust},
	Title = {A semiparametric Bayesian model for randomised block designs},
	Volume = {83},
	Year = {1996}}

@article{tao1999estimation,
	Author = {Tao, Huageng and Palta, Mari and Yandell, Brian S and Newton, Michael A},
	Date-Added = {2014-07-28 15:15:05 +0000},
	Date-Modified = {2014-07-28 15:15:05 +0000},
	Journal = {Biometrics},
	Number = {1},
	Pages = {102--110},
	Publisher = {Wiley Online Library},
	Title = {An estimation method for the semiparametric mixed effects model},
	Volume = {55},
	Year = {1999}}

@misc{sharif2009overview,
	Author = {Sharif-Razavian, Narges and Zollmann, Andreas},
	Date-Added = {2014-07-28 15:15:05 +0000},
	Date-Modified = {2014-07-28 15:15:05 +0000},
	Title = {An overview of nonparametric Bayesian models and applications to natural language processing},
	Year = {2009}}

@article{xu2014bayesian,
	Author = {Xu, Yanxun and Mueller, Peter and Wahed, Abdus S and Thall, Peter F},
	Date-Added = {2014-07-28 15:15:05 +0000},
	Date-Modified = {2014-07-28 15:15:05 +0000},
	Journal = {arXiv preprint arXiv:1405.2656},
	Title = {Bayesian Nonparametric Estimation for Dynamic Treatment Regimes with Sequential Transition Times},
	Year = {2014}}

@incollection{orbanz2010bayesian,
	Author = {Orbanz, Peter and Teh, Yee Whye},
	Booktitle = {Encyclopedia of Machine Learning},
	Date-Added = {2014-07-28 15:15:05 +0000},
	Date-Modified = {2014-07-28 15:15:05 +0000},
	Pages = {81--89},
	Publisher = {Springer},
	Title = {Bayesian nonparametric models},
	Year = {2010}}

@article{hartford2000consequences,
	Author = {Hartford, Alan and Davidian, Marie},
	Date-Added = {2014-07-28 15:15:05 +0000},
	Date-Modified = {2014-07-28 15:15:05 +0000},
	Journal = {Computational statistics \& data analysis},
	Number = {2},
	Pages = {139--164},
	Publisher = {Elsevier},
	Title = {Consequences of misspecifying assumptions in nonlinear mixed effects models},
	Volume = {34},
	Year = {2000}}

@article{mukhopadhyay1997dirichlet,
	Author = {Mukhopadhyay, Saurabh and Gelfand, Alan E},
	Date-Added = {2014-07-28 15:15:05 +0000},
	Date-Modified = {2014-07-28 15:15:05 +0000},
	Journal = {journal of the American Statistical Association},
	Number = {438},
	Pages = {633--639},
	Publisher = {Taylor \& Francis Group},
	Title = {Dirichlet process mixed generalized linear models},
	Volume = {92},
	Year = {1997}}

@article{muthen1999finite,
	Author = {Muth{\'e}n, Bengt and Shedden, Kerby},
	Date-Added = {2014-07-28 15:15:05 +0000},
	Date-Modified = {2014-07-28 15:15:05 +0000},
	Journal = {Biometrics},
	Number = {2},
	Pages = {463--469},
	Publisher = {Wiley Online Library},
	Title = {Finite mixture modeling with mixture outcomes using the EM algorithm},
	Volume = {55},
	Year = {1999}}

@article{lee2008flexible,
	Author = {Lee, Katherine J and Thompson, Simon G},
	Date-Added = {2014-07-28 15:15:05 +0000},
	Date-Modified = {2014-07-28 15:15:05 +0000},
	Journal = {Statistics in medicine},
	Number = {3},
	Pages = {418--434},
	Publisher = {Wiley Online Library},
	Title = {Flexible parametric models for random-effects distributions},
	Volume = {27},
	Year = {2008}}

@article{porteous2012gibbs,
	Author = {Porteous, Ian and Ihler, Alexander T and Smyth, Padhraic and Welling, Max},
	Date-Added = {2014-07-28 15:15:05 +0000},
	Date-Modified = {2014-07-28 15:15:05 +0000},
	Journal = {arXiv preprint arXiv:1206.6845},
	Title = {Gibbs sampling for (coupled) infinite mixture models in the stick breaking representation},
	Year = {2012}}

@techreport{resnik2010gibbs,
	Author = {Resnik, Philip and Hardisty, Eric},
	Date-Added = {2014-07-28 15:15:05 +0000},
	Date-Modified = {2014-07-28 15:15:05 +0000},
	Institution = {DTIC Document},
	Title = {Gibbs sampling for the uninitiated},
	Year = {2010}}

@article{ishwaran2001gibbs,
	Author = {Ishwaran, Hemant and James, Lancelot F},
	Date-Added = {2014-07-28 15:15:05 +0000},
	Date-Modified = {2014-07-28 15:15:05 +0000},
	Journal = {Journal of the American Statistical Association},
	Number = {453},
	Title = {Gibbs sampling methods for stick-breaking priors},
	Volume = {96},
	Year = {2001}}

@article{teh2010hierarchical,
	Author = {Teh, Yee Whye and Jordan, Michael I},
	Date-Added = {2014-07-28 15:15:05 +0000},
	Date-Modified = {2014-07-28 15:15:05 +0000},
	Journal = {Bayesian nonparametrics},
	Pages = {158--207},
	Publisher = {Cambridge: Cambridge Univ. Press},
	Title = {Hierarchical Bayesian nonparametric models with applications},
	Year = {2010}}

@article{teh2006hierarchical,
	Author = {Teh, Yee Whye and Jordan, Michael I and Beal, Matthew J and Blei, David M},
	Date-Added = {2014-07-28 15:15:05 +0000},
	Date-Modified = {2014-07-28 15:15:05 +0000},
	Journal = {Journal of the american statistical association},
	Number = {476},
	Title = {Hierarchical dirichlet processes},
	Volume = {101},
	Year = {2006}}

@article{ishwaran2002independent,
	Author = {Ishwaran, Hemant and Takahara, Glen},
	Date-Added = {2014-07-28 15:15:05 +0000},
	Date-Modified = {2014-07-28 15:15:05 +0000},
	Journal = {Journal of the American Statistical Association},
	Number = {460},
	Pages = {1154--1166},
	Publisher = {Taylor \& Francis},
	Title = {Independent and identically distributed Monte Carlo algorithms for semiparametric linear mixed models},
	Volume = {97},
	Year = {2002}}

@article{muller2010more,
	Author = {M{\"u}ller, Peter and Quintana, Fernando},
	Date-Added = {2014-07-28 15:15:05 +0000},
	Date-Modified = {2014-07-28 15:15:05 +0000},
	Journal = {Bayesian nonparametrics},
	Pages = {274--290},
	Title = {More nonparametric Bayesian models for biostatistics},
	Year = {2010}}

@article{dunson2010nonparametric,
	Author = {Dunson, David B},
	Date-Added = {2014-07-28 15:15:05 +0000},
	Date-Modified = {2014-07-28 15:15:05 +0000},
	Journal = {Bayesian nonparametrics},
	Pages = {223},
	Publisher = {Cambridge: Cambridge University Press},
	Title = {Nonparametric Bayes applications to biostatistics},
	Volume = {28},
	Year = {2010}}

@book{thibaux2008nonparametric,
	Author = {Thibaux, Romain Jean},
	Date-Added = {2014-07-28 15:15:05 +0000},
	Date-Modified = {2014-07-28 15:15:05 +0000},
	Publisher = {ProQuest},
	Title = {Nonparametric Bayesian models for machine learning},
	Year = {2008}}

@article{butler1992random,
	Author = {Butler, Steven M and Louis, Thomas A},
	Date-Added = {2014-07-28 15:15:05 +0000},
	Date-Modified = {2014-07-28 15:15:05 +0000},
	Journal = {Statistics in medicine},
	Number = {14-15},
	Pages = {1981--2000},
	Publisher = {Wiley Online Library},
	Title = {Random effects models with non-parametric priors},
	Volume = {11},
	Year = {1992}}

@article{davidian1992smooth,
	Author = {Davidian, Marie and Gallant, A Ronald},
	Date-Added = {2014-07-28 15:15:05 +0000},
	Date-Modified = {2014-07-28 15:15:05 +0000},
	Journal = {Journal of Pharmacokinetics and Biopharmaceutics},
	Number = {5},
	Pages = {529--556},
	Publisher = {Springer},
	Title = {Smooth nonparametric maximum likelihood estimation for population pharmacokinetics, with application to quinidine},
	Volume = {20},
	Year = {1992}}

@article{verbeke1997effect,
	Author = {Verbeke, Geert and Lesaffre, Emmanuel},
	Date-Added = {2014-07-28 15:15:05 +0000},
	Date-Modified = {2014-07-28 15:15:05 +0000},
	Journal = {Computational Statistics \& Data Analysis},
	Number = {4},
	Pages = {541--556},
	Publisher = {Elsevier},
	Title = {The effect of misspecifying the random-effects distribution in linear mixed models for longitudinal data},
	Volume = {23},
	Year = {1997}}

@article{neuhaus1992effects,
	Author = {Neuhaus, John M and Hauck, Walter W and Kalbfleisch, John D},
	Date-Added = {2014-07-28 15:15:05 +0000},
	Date-Modified = {2014-07-28 15:15:05 +0000},
	Journal = {Biometrika},
	Number = {4},
	Pages = {755--762},
	Publisher = {Biometrika Trust},
	Title = {The effects of mixture distribution misspecification when fitting mixed-effects logistic models},
	Volume = {79},
	Year = {1992}}

@article{jung1996quasi,
	Author = {Jung, Sin-Ho},
	Date-Added = {2014-07-10 19:19:23 +0000},
	Date-Modified = {2014-07-10 19:19:23 +0000},
	Journal = {Journal of the American Statistical Association},
	Number = {433},
	Pages = {251--257},
	Publisher = {Taylor \& Francis},
	Title = {Quasi-likelihood for median regression models},
	Volume = {91},
	Year = {1996}}

@article{koenker1978regression,
	Author = {Koenker, Roger and Bassett Jr, Gilbert},
	Date-Added = {2014-07-10 15:48:15 +0000},
	Date-Modified = {2014-07-10 15:48:15 +0000},
	Journal = {Econometrica: journal of the Econometric Society},
	Pages = {33--50},
	Publisher = {JSTOR},
	Title = {Regression quantiles},
	Year = {1978}}

@article{ohlssen2007flexible,
	Author = {Ohlssen, David I and Sharples, Linda D and Spiegelhalter, David J},
	Date-Added = {2014-07-09 16:21:57 +0000},
	Date-Modified = {2014-07-09 16:21:57 +0000},
	Journal = {Statistics in medicine},
	Number = {9},
	Pages = {2088--2112},
	Publisher = {Wiley Online Library},
	Title = {Flexible random-effects models using Bayesian semi-parametric models: applications to institutional comparisons},
	Volume = {26},
	Year = {2007}}

@article{fisher1919xv,
	Author = {Fisher, Ronald A},
	Date-Added = {2014-07-09 14:48:38 +0000},
	Date-Modified = {2014-07-10 17:01:38 +0000},
	Journal = {Transactions of the royal society of Edinburgh},
	Number = {02},
	Pages = {399--433},
	Publisher = {Cambridge Univ Press},
	Title = {The Correlation between Relatives on the Supposition of Mendelian Inheritance.},
	Volume = {52},
	Year = {1919}}

@inproceedings{plummer2003jags,
	Author = {Plummer, Martyn and others},
	Booktitle = {Proceedings of the 3rd International Workshop on Distributed Statistical Computing (DSC 2003). March},
	Date-Added = {2014-05-08 14:41:53 +0000},
	Date-Modified = {2014-05-08 14:41:53 +0000},
	Pages = {20--22},
	Title = {JAGS: A program for analysis of Bayesian graphical models using Gibbs sampling},
	Year = {2003}}

@article{park2008bayesian,
	Author = {Park, Trevor and Casella, George},
	Date-Added = {2014-05-08 14:29:44 +0000},
	Date-Modified = {2014-05-08 14:29:44 +0000},
	Journal = {Journal of the American Statistical Association},
	Number = {482},
	Pages = {681--686},
	Publisher = {Taylor \& Francis},
	Title = {The bayesian lasso},
	Volume = {103},
	Year = {2008}}

@article{reed2009partially,
	Author = {Reed, Craig and Yu, Keming},
	Date-Added = {2014-05-07 20:15:58 +0000},
	Date-Modified = {2014-05-07 20:15:58 +0000},
	Title = {A Partially collapsed Gibbs sampler for Bayesian quantile regression},
	Year = {2009}}

@article{yuan2010bayesian,
	Author = {Yuan, Ying and Yin, Guosheng},
	Date-Added = {2014-04-25 19:45:48 +0000},
	Date-Modified = {2014-04-25 19:45:48 +0000},
	Journal = {Biometrics},
	Number = {1},
	Pages = {105--114},
	Publisher = {Wiley Online Library},
	Title = {Bayesian quantile regression for longitudinal studies with nonignorable missing data},
	Volume = {66},
	Year = {2010}}

@article{geraci2013lqmm,
	Author = {Geraci, M},
	Date-Added = {2014-04-22 20:27:53 +0000},
	Date-Modified = {2014-04-22 20:28:17 +0000},
	Journal = {Journal of Statistical Software},
	Title = {Linear quantile mixed models: The lqmm package for Laplace quantile regression},
	Year = {2013}}

@article{chernozhukov2005iv,
	Author = {Chernozhukov, Victor and Hansen, Christian},
	Date-Added = {2014-04-08 20:09:09 +0000},
	Date-Modified = {2014-04-08 20:09:09 +0000},
	Journal = {Econometrica},
	Number = {1},
	Pages = {245--261},
	Publisher = {Wiley Online Library},
	Title = {An IV model of quantile treatment effects},
	Volume = {73},
	Year = {2005}}

@article{tian2009semiparametric,
	Author = {Tian, Mao Zai and Tang, Man Lai and Chan, Ping Shing},
	Date-Added = {2014-04-07 18:36:28 +0000},
	Date-Modified = {2014-04-07 18:36:28 +0000},
	Journal = {Acta Mathematica Sinica, English Series},
	Number = {4},
	Pages = {597--616},
	Publisher = {Springer},
	Title = {Semiparametric quantile modelling of hierarchical data},
	Volume = {25},
	Year = {2009}}

@article{fu2012quantile,
	Author = {Fu, Liya and Wang, You-Gan},
	Date-Added = {2014-04-07 18:34:18 +0000},
	Date-Modified = {2014-04-07 18:34:18 +0000},
	Journal = {Computational Statistics \& Data Analysis},
	Number = {8},
	Pages = {2526--2538},
	Publisher = {Elsevier},
	Title = {Quantile regression for longitudinal data with a working correlation model},
	Volume = {56},
	Year = {2012}}

@article{yue2011bayesian,
	Author = {Yue, Yu Ryan and Rue, H{\aa}vard},
	Date-Added = {2014-04-07 18:30:20 +0000},
	Date-Modified = {2014-04-07 18:30:20 +0000},
	Journal = {Computational Statistics \& Data Analysis},
	Number = {1},
	Pages = {84--96},
	Publisher = {Elsevier},
	Title = {Bayesian inference for additive mixed quantile regression models},
	Volume = {55},
	Year = {2011}}

@article{thompson2010bayesian,
	Author = {Thompson, Paul and Cai, Yuzhi and Moyeed, Rana and Reeve, Dominic and Stander, Julian},
	Date-Added = {2014-04-07 18:29:52 +0000},
	Date-Modified = {2014-04-07 18:29:52 +0000},
	Journal = {Computational Statistics \& Data Analysis},
	Number = {4},
	Pages = {1138--1150},
	Publisher = {Elsevier},
	Title = {Bayesian nonparametric quantile regression using splines},
	Volume = {54},
	Year = {2010}}

@article{geraci2007quantile,
	Author = {Geraci, Marco and Bottai, Matteo},
	Date-Added = {2014-04-07 18:16:48 +0000},
	Date-Modified = {2014-04-07 18:16:48 +0000},
	Journal = {Biostatistics},
	Number = {1},
	Pages = {140--154},
	Publisher = {Biometrika Trust},
	Title = {Quantile regression for longitudinal data using the asymmetric Laplace distribution},
	Volume = {8},
	Year = {2007}}

@article{liu2009mixed,
	Author = {Liu, Yuan and Bottai, Matteo},
	Date-Added = {2014-04-07 18:15:05 +0000},
	Date-Modified = {2014-04-07 18:15:05 +0000},
	Journal = {The International Journal of Biostatistics},
	Number = {1},
	Title = {Mixed-effects models for conditional quantiles with longitudinal data},
	Volume = {5},
	Year = {2009}}

@article{geraci2013linear,
	Author = {Geraci, Marco and Bottai, Matteo},
	Date-Added = {2014-04-07 18:10:33 +0000},
	Date-Modified = {2014-04-07 18:10:33 +0000},
	Journal = {Statistics and Computing},
	Pages = {1--19},
	Publisher = {Springer},
	Title = {Linear quantile mixed models},
	Year = {2013}}

@article{machado2005counterfactual,
	Author = {Machado, Jos{\'e} AF and Mata, Jos{\'e}},
	Date-Added = {2014-04-02 16:32:47 +0000},
	Date-Modified = {2014-04-02 16:32:47 +0000},
	Journal = {Journal of applied Econometrics},
	Number = {4},
	Pages = {445--465},
	Publisher = {Wiley Online Library},
	Title = {Counterfactual decomposition of changes in wage distributions using quantile regression},
	Volume = {20},
	Year = {2005}}

@article{kozumi2011gibbs,
	Author = {Kozumi, Hideo and Kobayashi, Genya},
	Date-Added = {2014-04-02 15:24:16 +0000},
	Date-Modified = {2014-04-02 15:24:16 +0000},
	Journal = {Journal of statistical computation and simulation},
	Number = {11},
	Pages = {1565--1578},
	Publisher = {Taylor \& Francis},
	Title = {Gibbs sampling methods for Bayesian quantile regression},
	Volume = {81},
	Year = {2011}}

@article{luo2012bayesian,
	Author = {Luo, Youxi and Lian, Heng and Tian, Maozai},
	Date-Added = {2014-04-02 15:23:41 +0000},
	Date-Modified = {2014-04-02 15:23:41 +0000},
	Journal = {Journal of Statistical Computation and Simulation},
	Number = {11},
	Pages = {1635--1649},
	Publisher = {Taylor \& Francis},
	Title = {Bayesian quantile regression for longitudinal data models},
	Volume = {82},
	Year = {2012}}

@article{koenker2001quantile,
	Author = {Koenker, Roger and Hallock, Kevin},
	Date-Added = {2014-04-02 15:17:39 +0000},
	Date-Modified = {2014-04-02 15:17:39 +0000},
	Journal = {Journal of Economic Perspectives},
	Number = {4},
	Pages = {43--56},
	Title = {Quantile regression: An introduction},
	Volume = {15},
	Year = {2001}}

@book{koenker2005quantile,
	Author = {Koenker, Roger},
	Date-Added = {2014-04-02 15:17:18 +0000},
	Date-Modified = {2014-07-10 15:34:17 +0000},
	Publisher = {Cambridge university press},
	Title = {Quantile regression},
	Year = {2005}}

@article{koenker2004quantile,
	Author = {Koenker, Roger},
	Date-Added = {2014-04-02 15:15:51 +0000},
	Date-Modified = {2014-04-02 15:15:51 +0000},
	Journal = {Journal of Multivariate Analysis},
	Number = {1},
	Pages = {74--89},
	Publisher = {Elsevier},
	Title = {Quantile regression for longitudinal data},
	Volume = {91},
	Year = {2004}}

@article{yu2001bayesian,
	Author = {Yu, Keming and Moyeed, Rana A},
	Date-Added = {2014-04-02 15:15:11 +0000},
	Date-Modified = {2014-04-02 15:15:11 +0000},
	Journal = {Statistics \& Probability Letters},
	Number = {4},
	Pages = {437--447},
	Publisher = {Elsevier},
	Title = {Bayesian quantile regression},
	Volume = {54},
	Year = {2001}}

@article{koenker2006quantile,
	Author = {Koenker, Roger and Xiao, Zhijie},
	Date-Added = {2014-04-02 15:14:30 +0000},
	Date-Modified = {2014-04-02 15:14:30 +0000},
	Journal = {Journal of the American Statistical Association},
	Number = {475},
	Pages = {980--990},
	Publisher = {Taylor \& Francis},
	Title = {Quantile autoregression},
	Volume = {101},
	Year = {2006}}
