%% This BibTeX bibliography file was created using BibDesk.
%% http://bibdesk.sourceforge.net/


%% Created for Ming Yang at 2014-08-06 12:07:56 -0500 


%% Saved with string encoding Unicode (UTF-8) 



@article{skrondal2009prediction,
	Author = {Skrondal, Anders and Rabe-Hesketh, Sophia},
	Date-Added = {2014-08-06 17:07:55 +0000},
	Date-Modified = {2014-08-06 17:07:55 +0000},
	Journal = {Journal of the Royal Statistical Society: Series A (Statistics in Society)},
	Number = {3},
	Pages = {659--687},
	Publisher = {Wiley Online Library},
	Title = {Prediction in multilevel generalized linear models},
	Volume = {172},
	Year = {2009}}

@article{welham2004prediction,
	Author = {Welham, Sue and Cullis, Brian and Gogel, Beverley and Gilmour, Arthur and Thompson, Robin},
	Date-Added = {2014-08-06 15:55:09 +0000},
	Date-Modified = {2014-08-06 15:55:09 +0000},
	Journal = {Australian \& New Zealand Journal of Statistics},
	Number = {3},
	Pages = {325--347},
	Publisher = {Wiley Online Library},
	Title = {Prediction in linear mixed models},
	Volume = {46},
	Year = {2004}}

@article{mcculloch2011prediction,
	Author = {McCulloch, Charles E and Neuhaus, John M},
	Date-Added = {2014-08-06 14:15:23 +0000},
	Date-Modified = {2014-08-06 14:15:23 +0000},
	Journal = {Biometrics},
	Number = {1},
	Pages = {270--279},
	Publisher = {Wiley Online Library},
	Title = {Prediction of random effects in linear and generalized linear models under model misspecification},
	Volume = {67},
	Year = {2011}}

@article{neuhaus1992effects,
	Author = {Neuhaus, John M and Hauck, Walter W and Kalbfleisch, John D},
	Date-Added = {2014-07-25 19:43:38 +0000},
	Date-Modified = {2014-07-25 19:43:38 +0000},
	Journal = {Biometrika},
	Number = {4},
	Pages = {755--762},
	Publisher = {Biometrika Trust},
	Title = {The effects of mixture distribution misspecification when fitting mixed-effects logistic models},
	Volume = {79},
	Year = {1992}}

@article{fattinger1995new,
	Author = {Fattinger, Karin E and Sheiner, Lewis B and Verotta, Davide},
	Date-Added = {2014-07-25 15:43:14 +0000},
	Date-Modified = {2014-07-25 15:43:14 +0000},
	Journal = {Biometrics},
	Pages = {1236--1251},
	Publisher = {JSTOR},
	Title = {A new method to explore the distribution of interindividual random effects in non-linear mixed effects models},
	Year = {1995}}

@article{davidian1992smooth,
	Author = {Davidian, Marie and Gallant, A Ronald},
	Date-Added = {2014-07-25 15:38:17 +0000},
	Date-Modified = {2014-07-25 15:38:17 +0000},
	Journal = {Journal of Pharmacokinetics and Biopharmaceutics},
	Number = {5},
	Pages = {529--556},
	Publisher = {Springer},
	Title = {Smooth nonparametric maximum likelihood estimation for population pharmacokinetics, with application to quinidine},
	Volume = {20},
	Year = {1992}}

@article{mallet1986maximum,
	Author = {Mallet, A},
	Date-Added = {2014-07-25 15:35:33 +0000},
	Date-Modified = {2014-07-25 15:35:33 +0000},
	Journal = {Biometrika},
	Number = {3},
	Pages = {645--656},
	Publisher = {Biometrika Trust},
	Title = {A maximum likelihood estimation method for random coefficient regression models},
	Volume = {73},
	Year = {1986}}

@article{tao1999estimation,
	Author = {Tao, Huageng and Palta, Mari and Yandell, Brian S and Newton, Michael A},
	Date-Added = {2014-07-25 15:33:23 +0000},
	Date-Modified = {2014-07-25 15:33:23 +0000},
	Journal = {Biometrics},
	Number = {1},
	Pages = {102--110},
	Publisher = {Wiley Online Library},
	Title = {An estimation method for the semiparametric mixed effects model},
	Volume = {55},
	Year = {1999}}

@article{muthen1999finite,
	Author = {Muth{\'e}n, Bengt and Shedden, Kerby},
	Date-Added = {2014-07-25 15:32:33 +0000},
	Date-Modified = {2014-07-25 15:32:33 +0000},
	Journal = {Biometrics},
	Number = {2},
	Pages = {463--469},
	Publisher = {Wiley Online Library},
	Title = {Finite mixture modeling with mixture outcomes using the EM algorithm},
	Volume = {55},
	Year = {1999}}

@article{verbeke1997effect,
	Author = {Verbeke, Geert and Lesaffre, Emmanuel},
	Date-Added = {2014-07-25 15:30:01 +0000},
	Date-Modified = {2014-07-25 15:30:01 +0000},
	Journal = {Computational Statistics \& Data Analysis},
	Number = {4},
	Pages = {541--556},
	Publisher = {Elsevier},
	Title = {The effect of misspecifying the random-effects distribution in linear mixed models for longitudinal data},
	Volume = {23},
	Year = {1997}}

@article{butler1992random,
	Author = {Butler, Steven M and Louis, Thomas A},
	Date-Added = {2014-07-25 15:28:58 +0000},
	Date-Modified = {2014-07-25 15:28:58 +0000},
	Journal = {Statistics in medicine},
	Number = {14-15},
	Pages = {1981--2000},
	Publisher = {Wiley Online Library},
	Title = {Random effects models with non-parametric priors},
	Volume = {11},
	Year = {1992}}

@article{verbeke1996linear,
	Author = {Verbeke, Geert and Lesaffre, Emmanuel},
	Date-Added = {2014-07-25 15:28:01 +0000},
	Date-Modified = {2014-07-25 15:28:01 +0000},
	Journal = {Journal of the American Statistical Association},
	Number = {433},
	Pages = {217--221},
	Publisher = {Taylor \& Francis Group},
	Title = {A linear mixed-effects model with heterogeneity in the random-effects population},
	Volume = {91},
	Year = {1996}}

@article{hartford2000consequences,
	Author = {Hartford, Alan and Davidian, Marie},
	Date-Added = {2014-07-25 15:00:31 +0000},
	Date-Modified = {2014-07-25 15:00:31 +0000},
	Journal = {Computational statistics \& data analysis},
	Number = {2},
	Pages = {139--164},
	Publisher = {Elsevier},
	Title = {Consequences of misspecifying assumptions in nonlinear mixed effects models},
	Volume = {34},
	Year = {2000}}

@article{bush1996semiparametric,
	Author = {Bush, Christopher A and MacEachern, Steven N},
	Date-Added = {2014-07-24 18:42:01 +0000},
	Date-Modified = {2014-07-24 18:42:01 +0000},
	Journal = {Biometrika},
	Number = {2},
	Pages = {275--285},
	Publisher = {Biometrika Trust},
	Title = {A semiparametric Bayesian model for randomised block designs},
	Volume = {83},
	Year = {1996}}

@article{muller1997bayesian,
	Author = {M{\"u}ller, Peter and Rosner, Gary L},
	Date-Added = {2014-07-24 18:41:16 +0000},
	Date-Modified = {2014-07-24 18:41:16 +0000},
	Journal = {Journal of the American Statistical Association},
	Number = {440},
	Pages = {1279--1292},
	Publisher = {Taylor \& Francis Group},
	Title = {A Bayesian population model with hierarchical mixture priors applied to blood count data},
	Volume = {92},
	Year = {1997}}

@article{mukhopadhyay1997dirichlet,
	Author = {Mukhopadhyay, Saurabh and Gelfand, Alan E},
	Date-Added = {2014-07-24 18:40:45 +0000},
	Date-Modified = {2014-07-24 18:40:45 +0000},
	Journal = {journal of the American Statistical Association},
	Number = {438},
	Pages = {633--639},
	Publisher = {Taylor \& Francis Group},
	Title = {Dirichlet process mixed generalized linear models},
	Volume = {92},
	Year = {1997}}

@article{kleinman1998semiparametric,
	Author = {Kleinman, Ken P and Ibrahim, Joseph G},
	Date-Added = {2014-07-24 18:39:43 +0000},
	Date-Modified = {2014-07-24 18:39:43 +0000},
	Journal = {Biometrics},
	Pages = {921--938},
	Publisher = {JSTOR},
	Title = {A semiparametric Bayesian approach to the random effects model},
	Year = {1998}}

@book{thibaux2008nonparametric,
	Author = {Thibaux, Romain Jean},
	Date-Added = {2014-07-24 18:37:34 +0000},
	Date-Modified = {2014-07-24 18:37:34 +0000},
	Publisher = {ProQuest},
	Title = {Nonparametric Bayesian models for machine learning},
	Year = {2008}}

@article{dunson2010nonparametric,
	Author = {Dunson, David B},
	Date-Added = {2014-07-24 18:37:11 +0000},
	Date-Modified = {2014-07-24 18:37:11 +0000},
	Journal = {Bayesian nonparametrics},
	Pages = {223},
	Publisher = {Cambridge: Cambridge University Press},
	Title = {Nonparametric Bayes applications to biostatistics},
	Volume = {28},
	Year = {2010}}

@article{muller2010more,
	Author = {M{\"u}ller, Peter and Quintana, Fernando},
	Date-Added = {2014-07-24 18:36:35 +0000},
	Date-Modified = {2014-07-24 18:36:35 +0000},
	Journal = {Bayesian nonparametrics},
	Pages = {274--290},
	Title = {More nonparametric Bayesian models for biostatistics},
	Year = {2010}}

@article{ishwaran2002independent,
	Author = {Ishwaran, Hemant and Takahara, Glen},
	Date-Added = {2014-07-24 18:36:20 +0000},
	Date-Modified = {2014-07-24 18:36:20 +0000},
	Journal = {Journal of the American Statistical Association},
	Number = {460},
	Pages = {1154--1166},
	Publisher = {Taylor \& Francis},
	Title = {Independent and identically distributed Monte Carlo algorithms for semiparametric linear mixed models},
	Volume = {97},
	Year = {2002}}

@article{teh2006hierarchical,
	Author = {Teh, Yee Whye and Jordan, Michael I and Beal, Matthew J and Blei, David M},
	Date-Added = {2014-07-24 18:36:04 +0000},
	Date-Modified = {2014-07-24 18:36:04 +0000},
	Journal = {Journal of the american statistical association},
	Number = {476},
	Title = {Hierarchical dirichlet processes},
	Volume = {101},
	Year = {2006}}

@article{teh2010hierarchical,
	Author = {Teh, Yee Whye and Jordan, Michael I},
	Date-Added = {2014-07-24 18:35:40 +0000},
	Date-Modified = {2014-07-24 18:35:40 +0000},
	Journal = {Bayesian nonparametrics},
	Pages = {158--207},
	Publisher = {Cambridge: Cambridge Univ. Press},
	Title = {Hierarchical Bayesian nonparametric models with applications},
	Year = {2010}}

@article{ishwaran2001gibbs,
	Author = {Ishwaran, Hemant and James, Lancelot F},
	Date-Added = {2014-07-24 18:35:18 +0000},
	Date-Modified = {2014-07-24 18:35:18 +0000},
	Journal = {Journal of the American Statistical Association},
	Number = {453},
	Title = {Gibbs sampling methods for stick-breaking priors},
	Volume = {96},
	Year = {2001}}

@techreport{resnik2010gibbs,
	Author = {Resnik, Philip and Hardisty, Eric},
	Date-Added = {2014-07-24 18:34:50 +0000},
	Date-Modified = {2014-07-24 18:34:50 +0000},
	Institution = {DTIC Document},
	Title = {Gibbs sampling for the uninitiated},
	Year = {2010}}

@article{porteous2012gibbs,
	Author = {Porteous, Ian and Ihler, Alexander T and Smyth, Padhraic and Welling, Max},
	Date-Added = {2014-07-24 18:34:23 +0000},
	Date-Modified = {2014-07-24 18:34:23 +0000},
	Journal = {arXiv preprint arXiv:1206.6845},
	Title = {Gibbs sampling for (coupled) infinite mixture models in the stick breaking representation},
	Year = {2012}}

@article{lee2008flexible,
	Author = {Lee, Katherine J and Thompson, Simon G},
	Date-Added = {2014-07-24 18:34:07 +0000},
	Date-Modified = {2014-07-24 18:34:07 +0000},
	Journal = {Statistics in medicine},
	Number = {3},
	Pages = {418--434},
	Publisher = {Wiley Online Library},
	Title = {Flexible parametric models for random-effects distributions},
	Volume = {27},
	Year = {2008}}

@incollection{teh2010dirichlet,
	Author = {Teh, Yee Whye},
	Booktitle = {Encyclopedia of machine learning},
	Date-Added = {2014-07-24 18:33:49 +0000},
	Date-Modified = {2014-07-24 18:33:49 +0000},
	Pages = {280--287},
	Publisher = {Springer},
	Title = {Dirichlet process},
	Year = {2010}}

@incollection{orbanz2010bayesian,
	Author = {Orbanz, Peter and Teh, Yee Whye},
	Booktitle = {Encyclopedia of Machine Learning},
	Date-Added = {2014-07-24 18:33:20 +0000},
	Date-Modified = {2014-07-24 18:33:20 +0000},
	Pages = {81--89},
	Publisher = {Springer},
	Title = {Bayesian nonparametric models},
	Year = {2010}}

@article{xu2014bayesian,
	Author = {Xu, Yanxun and Mueller, Peter and Wahed, Abdus S and Thall, Peter F},
	Date-Added = {2014-07-24 18:32:34 +0000},
	Date-Modified = {2014-07-24 18:32:34 +0000},
	Journal = {arXiv preprint arXiv:1405.2656},
	Title = {Bayesian Nonparametric Estimation for Dynamic Treatment Regimes with Sequential Transition Times},
	Year = {2014}}

@misc{sharif2009overview,
	Author = {Sharif-Razavian, Narges and Zollmann, Andreas},
	Date-Added = {2014-07-24 18:32:06 +0000},
	Date-Modified = {2014-07-24 18:32:06 +0000},
	Title = {An overview of nonparametric Bayesian models and applications to natural language processing},
	Year = {2009}}

@article{burr2005bayesian,
	Author = {Burr, Deborah and Doss, Hani},
	Date-Added = {2014-07-24 18:31:43 +0000},
	Date-Modified = {2014-07-24 18:31:43 +0000},
	Journal = {Journal of the American Statistical Association},
	Number = {469},
	Title = {A Bayesian semiparametric model for random-effects meta-analysis},
	Volume = {100},
	Year = {2005}}

@article{rizopoulos2011bayesian,
	Author = {Rizopoulos, Dimitris and Ghosh, Pulak},
	Date-Added = {2014-07-24 18:30:56 +0000},
	Date-Modified = {2014-07-24 18:30:56 +0000},
	Journal = {Statistics in medicine},
	Number = {12},
	Pages = {1366--1380},
	Publisher = {Wiley Online Library},
	Title = {A Bayesian semiparametric multivariate joint model for multiple longitudinal outcomes and a time-to-event},
	Volume = {30},
	Year = {2011}}
