%% This BibTeX bibliography file was created using BibDesk.
%% http://bibdesk.sourceforge.net/


%% Created for Ming Yang at 2014-07-29 09:22:45 -0500 


%% Saved with string encoding Unicode (UTF-8) 



@article{cade2003gentle,
	Author = {Cade, Brian S and Noon, Barry R},
	Date-Added = {2014-05-09 13:51:24 +0000},
	Date-Modified = {2014-05-09 13:51:24 +0000},
	Journal = {Frontiers in Ecology and the Environment},
	Number = {8},
	Pages = {412--420},
	Publisher = {Eco Soc America},
	Title = {A gentle introduction to quantile regression for ecologists},
	Volume = {1},
	Year = {2003}}

@inproceedings{plummer2003jags,
	Author = {Plummer, Martyn and others},
	Booktitle = {Proceedings of the 3rd International Workshop on Distributed Statistical Computing (DSC 2003). March},
	Date-Added = {2014-05-08 14:40:39 +0000},
	Date-Modified = {2014-05-08 14:40:39 +0000},
	Pages = {20--22},
	Title = {JAGS: A program for analysis of Bayesian graphical models using Gibbs sampling},
	Year = {2003}}

@article{park2008bayesian,
	Author = {Park, Trevor and Casella, George},
	Date-Added = {2014-05-08 14:29:52 +0000},
	Date-Modified = {2014-05-08 14:29:52 +0000},
	Journal = {Journal of the American Statistical Association},
	Number = {482},
	Pages = {681--686},
	Publisher = {Taylor \& Francis},
	Title = {The bayesian lasso},
	Volume = {103},
	Year = {2008}}

@article{reed2009partially,
	Author = {Reed, Craig and Yu, Keming},
	Date-Added = {2014-05-07 20:15:58 +0000},
	Date-Modified = {2014-05-07 20:15:58 +0000},
	Title = {A Partially collapsed Gibbs sampler for Bayesian quantile regression},
	Year = {2009}}

@article{yuan2010bayesian,
	Author = {Yuan, Ying and Yin, Guosheng},
	Date-Added = {2014-04-25 19:45:48 +0000},
	Date-Modified = {2014-04-25 19:45:48 +0000},
	Journal = {Biometrics},
	Number = {1},
	Pages = {105--114},
	Publisher = {Wiley Online Library},
	Title = {Bayesian quantile regression for longitudinal studies with nonignorable missing data},
	Volume = {66},
	Year = {2010}}

@article{geraci2013lqmm,
	Author = {Geraci, M},
	Date-Added = {2014-04-22 20:27:53 +0000},
	Date-Modified = {2014-04-22 20:28:17 +0000},
	Journal = {Journal of Statistical Software},
	Title = {Linear quantile mixed models: The lqmm package for Laplace quantile regression},
	Year = {2013}}

@article{chernozhukov2005iv,
	Author = {Chernozhukov, Victor and Hansen, Christian},
	Date-Added = {2014-04-08 20:09:09 +0000},
	Date-Modified = {2014-04-08 20:09:09 +0000},
	Journal = {Econometrica},
	Number = {1},
	Pages = {245--261},
	Publisher = {Wiley Online Library},
	Title = {An IV model of quantile treatment effects},
	Volume = {73},
	Year = {2005}}

@article{tian2009semiparametric,
	Author = {Tian, Mao Zai and Tang, Man Lai and Chan, Ping Shing},
	Date-Added = {2014-04-07 18:36:28 +0000},
	Date-Modified = {2014-04-07 18:36:28 +0000},
	Journal = {Acta Mathematica Sinica, English Series},
	Number = {4},
	Pages = {597--616},
	Publisher = {Springer},
	Title = {Semiparametric quantile modelling of hierarchical data},
	Volume = {25},
	Year = {2009}}

@article{fu2012quantile,
	Author = {Fu, Liya and Wang, You-Gan},
	Date-Added = {2014-04-07 18:34:18 +0000},
	Date-Modified = {2014-04-07 18:34:18 +0000},
	Journal = {Computational Statistics \& Data Analysis},
	Number = {8},
	Pages = {2526--2538},
	Publisher = {Elsevier},
	Title = {Quantile regression for longitudinal data with a working correlation model},
	Volume = {56},
	Year = {2012}}

@article{yue2011bayesian,
	Author = {Yue, Yu Ryan and Rue, H{\aa}vard},
	Date-Added = {2014-04-07 18:30:20 +0000},
	Date-Modified = {2014-04-07 18:30:20 +0000},
	Journal = {Computational Statistics \& Data Analysis},
	Number = {1},
	Pages = {84--96},
	Publisher = {Elsevier},
	Title = {Bayesian inference for additive mixed quantile regression models},
	Volume = {55},
	Year = {2011}}

@article{thompson2010bayesian,
	Author = {Thompson, Paul and Cai, Yuzhi and Moyeed, Rana and Reeve, Dominic and Stander, Julian},
	Date-Added = {2014-04-07 18:29:52 +0000},
	Date-Modified = {2014-04-07 18:29:52 +0000},
	Journal = {Computational Statistics \& Data Analysis},
	Number = {4},
	Pages = {1138--1150},
	Publisher = {Elsevier},
	Title = {Bayesian nonparametric quantile regression using splines},
	Volume = {54},
	Year = {2010}}

@article{geraci2007quantile,
	Author = {Geraci, Marco and Bottai, Matteo},
	Date-Added = {2014-04-07 18:16:48 +0000},
	Date-Modified = {2014-04-07 18:16:48 +0000},
	Journal = {Biostatistics},
	Number = {1},
	Pages = {140--154},
	Publisher = {Biometrika Trust},
	Title = {Quantile regression for longitudinal data using the asymmetric Laplace distribution},
	Volume = {8},
	Year = {2007}}

@article{liu2009mixed,
	Author = {Liu, Yuan and Bottai, Matteo},
	Date-Added = {2014-04-07 18:15:05 +0000},
	Date-Modified = {2014-04-07 18:15:05 +0000},
	Journal = {The International Journal of Biostatistics},
	Number = {1},
	Title = {Mixed-effects models for conditional quantiles with longitudinal data},
	Volume = {5},
	Year = {2009}}

@article{geraci2013linear,
	Author = {Geraci, Marco and Bottai, Matteo},
	Date-Added = {2014-04-07 18:10:33 +0000},
	Date-Modified = {2014-04-07 18:10:33 +0000},
	Journal = {Statistics and Computing},
	Pages = {1--19},
	Publisher = {Springer},
	Title = {Linear quantile mixed models},
	Year = {2013}}

@article{machado2005counterfactual,
	Author = {Machado, Jos{\'e} AF and Mata, Jos{\'e}},
	Date-Added = {2014-04-02 16:32:47 +0000},
	Date-Modified = {2014-04-02 16:32:47 +0000},
	Journal = {Journal of applied Econometrics},
	Number = {4},
	Pages = {445--465},
	Publisher = {Wiley Online Library},
	Title = {Counterfactual decomposition of changes in wage distributions using quantile regression},
	Volume = {20},
	Year = {2005}}

@article{kozumi2011gibbs,
	Author = {Kozumi, Hideo and Kobayashi, Genya},
	Date-Added = {2014-04-02 15:24:16 +0000},
	Date-Modified = {2014-04-02 15:24:16 +0000},
	Journal = {Journal of statistical computation and simulation},
	Number = {11},
	Pages = {1565--1578},
	Publisher = {Taylor \& Francis},
	Title = {Gibbs sampling methods for Bayesian quantile regression},
	Volume = {81},
	Year = {2011}}

@article{luo2012bayesian,
	Author = {Luo, Youxi and Lian, Heng and Tian, Maozai},
	Date-Added = {2014-04-02 15:23:41 +0000},
	Date-Modified = {2014-04-02 15:23:41 +0000},
	Journal = {Journal of Statistical Computation and Simulation},
	Number = {11},
	Pages = {1635--1649},
	Publisher = {Taylor \& Francis},
	Title = {Bayesian quantile regression for longitudinal data models},
	Volume = {82},
	Year = {2012}}

@article{koenker2001quantile,
	Author = {Koenker, Roger and Hallock, Kevin},
	Date-Added = {2014-04-02 15:17:39 +0000},
	Date-Modified = {2014-04-02 15:17:39 +0000},
	Journal = {Journal of Economic Perspectives},
	Number = {4},
	Pages = {43--56},
	Title = {Quantile regression: An introduction},
	Volume = {15},
	Year = {2001}}

@book{koenker2005quantile,
	Author = {Koenker, Roger},
	Date-Added = {2014-04-02 15:17:18 +0000},
	Date-Modified = {2014-04-02 15:17:18 +0000},
	Number = {38},
	Publisher = {Cambridge university press},
	Title = {Quantile regression},
	Year = {2005}}

@article{koenker2004quantile,
	Author = {Koenker, Roger},
	Date-Added = {2014-04-02 15:15:51 +0000},
	Date-Modified = {2014-04-02 15:15:51 +0000},
	Journal = {Journal of Multivariate Analysis},
	Number = {1},
	Pages = {74--89},
	Publisher = {Elsevier},
	Title = {Quantile regression for longitudinal data},
	Volume = {91},
	Year = {2004}}

@article{yu2001bayesian,
	Author = {Yu, Keming and Moyeed, Rana A},
	Date-Added = {2014-04-02 15:15:11 +0000},
	Date-Modified = {2014-04-02 15:15:11 +0000},
	Journal = {Statistics \& Probability Letters},
	Number = {4},
	Pages = {437--447},
	Publisher = {Elsevier},
	Title = {Bayesian quantile regression},
	Volume = {54},
	Year = {2001}}

@article{koenker2006quantile,
	Author = {Koenker, Roger and Xiao, Zhijie},
	Date-Added = {2014-04-02 15:14:30 +0000},
	Date-Modified = {2014-04-02 15:14:30 +0000},
	Journal = {Journal of the American Statistical Association},
	Number = {475},
	Pages = {980--990},
	Publisher = {Taylor \& Francis},
	Title = {Quantile autoregression},
	Volume = {101},
	Year = {2006}}
