%% This BibTeX bibliography file was created using BibDesk.
%% http://bibdesk.sourceforge.net/


%% Created for Ming Yang at 2014-05-14 17:09:17 -0500 


%% Saved with string encoding Unicode (UTF-8) 



@article{ishwaran2002approximate,
	Author = {Ishwaran, Hemant and James, Lancelot F},
	Date-Added = {2014-05-14 22:09:13 +0000},
	Date-Modified = {2014-05-14 22:09:13 +0000},
	Journal = {Journal of Computational and Graphical Statistics},
	Number = {3},
	Title = {Approximate Dirichlet Process computing in finite normal mixtures},
	Volume = {11},
	Year = {2002}}

@article{muller2004nonparametric,
	Author = {M{\"u}ller, Peter and Quintana, Fernando A},
	Date-Added = {2014-05-14 22:04:44 +0000},
	Date-Modified = {2014-05-14 22:04:44 +0000},
	Journal = {Statistical science},
	Pages = {95--110},
	Publisher = {JSTOR},
	Title = {Nonparametric Bayesian data analysis},
	Year = {2004}}

@article{ishwaran2001gibbs,
	Author = {Ishwaran, Hemant and James, Lancelot F},
	Date-Added = {2014-05-14 22:01:00 +0000},
	Date-Modified = {2014-05-14 22:01:00 +0000},
	Journal = {Journal of the American Statistical Association},
	Number = {453},
	Title = {Gibbs sampling methods for stick-breaking priors},
	Volume = {96},
	Year = {2001}}

@techreport{sethuraman1991constructive,
	Author = {Sethuraman, Jayaram},
	Date-Added = {2014-05-14 17:10:14 +0000},
	Date-Modified = {2014-05-14 17:10:14 +0000},
	Institution = {DTIC Document},
	Title = {A constructive definition of Dirichlet priors},
	Year = {1991}}

@article{neal2000markov,
	Author = {Neal, Radford M},
	Date-Added = {2014-05-14 16:49:17 +0000},
	Date-Modified = {2014-05-14 16:49:17 +0000},
	Journal = {Journal of computational and graphical statistics},
	Number = {2},
	Pages = {249--265},
	Publisher = {Taylor \& Francis Group},
	Title = {Markov chain sampling methods for Dirichlet process mixture models},
	Volume = {9},
	Year = {2000}}

@article{teh2010hierarchical,
	Author = {Teh, Yee Whye and Jordan, Michael I},
	Date-Added = {2014-05-14 16:30:00 +0000},
	Date-Modified = {2014-05-14 16:30:00 +0000},
	Journal = {Bayesian Nonparametrics: Principles and Practice},
	Pages = {158--207},
	Title = {Hierarchical Bayesian nonparametric models with applications},
	Volume = {28},
	Year = {2010}}

@incollection{teh2010dirichlet,
	Author = {Teh, Yee Whye},
	Booktitle = {Encyclopedia of machine learning},
	Date-Added = {2014-05-14 16:15:57 +0000},
	Date-Modified = {2014-05-14 16:15:57 +0000},
	Pages = {280--287},
	Publisher = {Springer},
	Title = {Dirichlet process},
	Year = {2010}}

@inproceedings{teh2004sharing,
	Author = {Teh, Yee Whye and Jordan, Michael I and Beal, Matthew J and Blei, David M},
	Booktitle = {NIPS},
	Date-Added = {2014-05-14 16:15:17 +0000},
	Date-Modified = {2014-05-14 16:15:17 +0000},
	Title = {Sharing Clusters among Related Groups: Hierarchical Dirichlet Processes.},
	Year = {2004}}

@article{gelfand2002computational,
	Author = {Gelfand, Alan E and Kottas, Athanasios},
	Date-Added = {2014-05-12 19:25:52 +0000},
	Date-Modified = {2014-05-12 19:25:52 +0000},
	Journal = {Journal of Computational and Graphical Statistics},
	Number = {2},
	Pages = {289--305},
	Publisher = {Taylor \& Francis},
	Title = {A computational approach for full nonparametric Bayesian inference under Dirichlet process mixture models},
	Volume = {11},
	Year = {2002}}

@article{kottas2001bayesian,
	Author = {Kottas, Athanasios and Gelfand, Alan E},
	Date-Added = {2014-05-12 19:25:31 +0000},
	Date-Modified = {2014-05-12 19:25:31 +0000},
	Journal = {Journal of the American Statistical Association},
	Number = {456},
	Pages = {1458--1468},
	Publisher = {Taylor \& Francis},
	Title = {Bayesian semiparametric median regression modeling},
	Volume = {96},
	Year = {2001}}

@techreport{newton1994computing,
	Author = {Newton, Michael A},
	Date-Added = {2014-04-03 19:39:45 +0000},
	Date-Modified = {2014-04-03 19:39:45 +0000},
	Institution = {Citeseer},
	Title = {Computing with priors that support identifiable semiparametric models},
	Year = {1994}}

@article{tang2012semiparametric,
	Author = {Tang, Nian-Sheng and Duan, Xing-De},
	Date-Added = {2014-04-02 15:22:42 +0000},
	Date-Modified = {2014-04-02 15:22:42 +0000},
	Journal = {Computational Statistics \& Data Analysis},
	Number = {12},
	Pages = {4348--4365},
	Publisher = {Elsevier},
	Title = {A semiparametric Bayesian approach to generalized partial linear mixed models for longitudinal data},
	Volume = {56},
	Year = {2012}}

@article{yang2010semiparametric,
	Author = {Yang, Mingan and Dunson, David B and Baird, Donna},
	Date-Added = {2014-04-02 15:21:09 +0000},
	Date-Modified = {2014-04-02 15:21:09 +0000},
	Journal = {Computational statistics \& data analysis},
	Number = {9},
	Pages = {2172--2186},
	Publisher = {Elsevier},
	Title = {Semiparametric Bayes hierarchical models with mean and variance constraints},
	Volume = {54},
	Year = {2010}}

@article{tang2014semiparametric,
	Author = {Tang, Nian-Sheng and Tang, An-Min and Pan, Dong-Dong},
	Date-Added = {2014-04-02 15:20:25 +0000},
	Date-Modified = {2014-04-02 15:20:25 +0000},
	Journal = {Computational Statistics \& Data Analysis},
	Publisher = {Elsevier},
	Title = {Semiparametric Bayesian joint models of multivariate longitudinal and survival data},
	Year = {2014}}

@article{ohlssen2007flexible,
	Author = {Ohlssen, DI and Sharples, LD and Spiegelhalter, DJ},
	Date-Added = {2014-04-02 15:19:29 +0000},
	Date-Modified = {2014-04-02 15:19:29 +0000},
	Journal = {Statistics in medicine},
	Number = {9},
	Pages = {2088--2112},
	Publisher = {Wiley Online Library},
	Title = {Flexible random-effects models using Bayesian semi-parametric models: applications to institutional comparisons},
	Volume = {26},
	Year = {2007}}

@article{jara2011dppackage,
	Author = {Jara, Alejandro and Hanson, Timothy E and Quintana, Fernando A and M{\"u}ller, Peter and Rosner, Gary L},
	Date-Added = {2014-04-02 15:18:45 +0000},
	Date-Modified = {2014-04-02 15:18:45 +0000},
	Journal = {Journal of statistical software},
	Number = {5},
	Pages = {1},
	Publisher = {NIH Public Access},
	Title = {DPpackage: Bayesian semi-and nonparametric modeling in R},
	Volume = {40},
	Year = {2011}}
